<?xml version="1.0" encoding="UTF-8"?><collection xmlns="http://www.loc.gov/MARC21/slim"><record><leader>00699nam--2200193-i-4500</leader><controlfield tag="001">000014701</controlfield><controlfield tag="002">20161230</controlfield><controlfield tag="005">20161230201031</controlfield><controlfield tag="008">060222s1000------------r-----000-0-eng-d</controlfield><datafield ind1=" " ind2=" " tag="020"><subfield code="a">720401747</subfield></datafield><datafield ind1=" " ind2=" " tag="040"><subfield code="a">IFIN-HH</subfield></datafield><datafield ind1=" " ind2=" " tag="080"><subfield code="a">539.12.04:539.2</subfield></datafield><datafield ind1="1" ind2=" " tag="100"><subfield code="a">Palmer,D.W./S.A.</subfield></datafield><datafield ind1="1" ind2="0" tag="245"><subfield code="a">Atomic collision phenomena in solids</subfield><subfield code="b">Proceedings of an international conference held at the university of sussex, brighton, england from 7th to 12th september, 1969</subfield><subfield code="c">D.w.palmer, m.w. thompson, p.d. townsend (eds.)</subfield></datafield><datafield ind1=" " ind2=" " tag="260"><subfield code="a">Amsterdam</subfield><subfield code="b">North-holland Publishing Company</subfield><subfield code="c">1970</subfield></datafield><datafield ind1=" " ind2=" " tag="300"><subfield code="a">XVII +678 P.(CU FIG.)</subfield></datafield><datafield ind1="1" ind2=" " tag="700"><subfield code="a">Towsend, P.D</subfield><subfield code="e">Ed</subfield></datafield><datafield ind1=" " ind2=" " tag="852"><subfield code="a">33843</subfield><subfield code="c">539.2</subfield></datafield><datafield ind1=" " ind2=" " tag="CAT"><subfield code="a">Sys</subfield><subfield code="c">20121018</subfield><subfield code="h">134508</subfield></datafield></record></collection>